@online{keystream,
author = {Cryptosmith},
title = {Stream Ciphers},
year = {2007},
url = {https://cryptosmith.com/2007/06/07/stream-ciphers/},
}

@patent{VernamPatent,
author = {Vernam, G.S},
title = {Secret Signaling system},
number = {U.S. Patent 1,310,719},
year = {1919},
}

@online{PunchedTape,
author = {Ted Cole},
title = {Five-hole and eight-hole punched paper tape},
year = {2017},
url = {https://en.wikipedia.org/wiki/Punched_tape#/media/File:PaperTapes-5and8Hole.jpg},
}

@online{SBox,
author = {Neal R Wagner},
title = {The Laws of Cryptography: Advanced Encryption Standard: S-Boxes},
year = {2001},
url = {http://www.cs.utsa.edu/~wagner/laws/SBoxes.html},
urldate = {2017-01-31}
}

@online{NSA,
author = {U.S government},
title = {The seal of the U.S. National Security Agency},
year = {1966},
url = {https://en.wikipedia.org/wiki/National_Security_Agency#/media/File:Seal_of_the_United_States_National_Security_Agency.svg},
}

@online{SVRRF,
author = {Russian Federation Government},
title = {Emblem of the SVR},
year = {1991},
url = {https://en.wikipedia.org/wiki/Foreign_Intelligence_Service_(Russia)#/media/File:SVR_Emblem.svg},
}

@online{colossus,
author = {computingheritage},
title = {Colossus: Creating a Giant},
year = {2012},
url = {https://www.youtube.com/watch?v=knXWMjIA59c},
}

@online{tux,
author = {Wikipedia Commons},
title = {Electronic Codebook},
year = {2017},
url = {https://en.wikipedia.org/wiki/Block_cipher_mode_of_operation#Electronic_Codebook_.28ECB.29},
}

@online{snowden,
author = {Laura Poitras},
title = {Edward Snowden},
year = {2013},
url = {https://en.wikipedia.org/wiki/Edward_Snowden#/media/File:Edward_Snowden-2.jpg},
}

@online{boundless,
author = {IC off the record},
title = {BOUNDLESS INFORMANT},
year = {2013},
url = {https://nsa.gov1.info/dni/boundless-informant.html},
}

@online{fbterms,
author = {Facebook Ireland Limited},
title = {Statement of Rights and Responsibilities},
year = {2015},
url = {https://www.facebook.com/terms},
}

