@online{frequencyanalysis,
author = {learncryptography.com},
title = {Frequency Analysis},
year = {2014},
url = {https://learncryptography.com/cryptanalysis/frequency-analysis},
}