@patent{VernamPatent,
author = {Vernam, G.S},
title = {Secret Signaling system},
number = {U.S. Patent 1,310,719},
year = {1919},
}

@online{Rijndael,
author = {Daemen, Joan and Rijmen, Vincent},
title = {The Rijndael Block Cipher},
year = {1991},
url = {http://csrc.nist.gov/archive/aes/rijndael/Rijndael-ammended.pdf},
urldate = {2017-01-31}
}



@online{FrequencyAnalysis,
author = {learncryptography.com},
title = {Frequency Analysis},
year = {2014},
url = {https://learncryptography.com/cryptanalysis/frequency-analysis},
urldate = {2017-01-31}
}

@book{HutSix,
author = {Welchman, Gordon},
title = {The Hut Six Story: Breaking the Enigma Codes},
year = {1997},
}

@online{PerfectSecrecy,
author = {figlesquidge},
title = {Simply put, what does perfect secrecy mean?},
year = {2014},
url = {http://crypto.stackexchange.com/questions/3896/simply-put-what-does-perfect-secrecy-mean},
urldate = {2017-01-31}
}

@manual{MilsElectronic,
author = {mils electronic},
title = {One Time Pad Encryption: The unbreakable encryption method},
year = {2008},
}

@book{HandbookOfAppliedCryptography,
author = {Menezes et al., Alfred},
title = {Handbook of Applied Cryptography},
year = {1996},
}

@article{ShannonOTP,
author = {Shannon, Claude E.},
title = {Communication Theory of Secrecy Systems},
journaltitle = {Bell System Technical Journal},
year = {1949},
}

@online{KeySchedule,
author = {Sam Trenholme},
title = {Rijndael's key schedule},
year = {2010},
url = {http://www.samiam.org/key-schedule.html},
urldate = {2017-01-31}
}

@online{GaloisField,
author = {Christoforus Juan Benvenuto},
title = {Galois Field in Cryptography},
year = {2012},
url = {https://www.math.washington.edu/~morrow/336_12/papers/juan.pdf},
urldate = {2017-01-31}
}

@online{RFiniteField,
author = {Sam Trenholme},
title = {AES' Galois field},
year = {2010},
url = {http://www.samiam.org/galois.html},
urldate = {2017-01-31}
}


@online{GFieldExample,
author = {Natarajan Meghanathan},
title = {Advanced Encryption Standard (AES): Sub Stages; Finite Field Arithmetic},
year = {2015},
url = {https://www.youtube.com/watch?v=dN2pJRLRcb0},
urldate = {2017-01-31}
}


@online{SBox,
author = {Neal R Wagner},
title = {The Laws of Cryptography: Advanced Encryption Standard: S-Boxes},
year = {2001},
url = {http://www.cs.utsa.edu/~wagner/laws/SBoxes.html},
urldate = {2017-01-31}
}

@online{MixColumns,
author = {Kit Choy Xintong},
title = {Understanding AES Mix-Columns Transformation Calculation},
year = {2016},
url = {http://www.angelfire.com/biz7/atleast/mix_columns.pdf},
urldate = {2017-01-31}
}

@manual{CNSSPolicy,
author = {CNSS},
title = {CNSS Policy No. 15, Fact Sheet No. 1 },
year = {2003},
OPTurl = {http://csrc.nist.gov/groups/ST/toolkit/documents/aes/CNSS15FS.pdf},
}

@online{AESSelection,
author = {NIST},
title = {Commerce Department Announces Winner of Global Information Security Competition},
year = {2000},
url = {https://www.nist.gov/news-events/news/2000/10/commerce-department-announces-winner-global-information-security},
urldate = {2017-01-31}
}

@online{NISTAnnouncement,
author = {NIST},
title = {Announcing the ADVANCED ENCRYPTION STANDARD (AES) },
year = {2001},
url = {http://csrc.nist.gov/publications/fips/fips197/fips-197.pdf},
urldate = {2017-01-31}
}

@online{EquivalentDecryption,
author = {Paulo Ebermann},
title = {Why is MixColumns omitted from the last round of AES?},
year = {2011},
url = {http://crypto.stackexchange.com/questions/1346/why-is-mixcolumns-omitted-from-the-last-round-of-aes/1362#1362},
urldate = {2017-01-31}
}

@online{NewDirections,
author = {Whitfield, Diffie and Martin, E. Hellman},
title = {New Directions in Cryptography },
year = {1976},
url = {https://ee.stanford.edu/~hellman/publications/24.pdf},\\
urldate = {2017-01-31}
}

@article{ShannonProperties,
author = {Claude Shannon},
title = {A Mathematical Theory of Communication},
journaltitle = {The Bell System Technical Journal},
year = {1948},
OPTurl = {http://worrydream.com/refs/Shannon%20-%20A%20Mathematical%20Theory%20of%20Communication.pdf},
}

@online{AvalancheEffect,
author = {Amish Kumar and Namita Tiwari},
title = {effective implementation and avalanche effect of AES},
year = {2012},
url = {http://airccse.org/journal/ijsptm/papers/1213ijsptm03.pdf},
urldate = {2017-01-31}
}

@online{Confusion,
author = {Oleski},
title = {When confusion is applied during encryption},
year = {2016},
url = {http://crypto.stackexchange.com/questions/6699/when-confusion-is-applied-during-encryption},
urldate = {2017-01-31}
}

@online{NoMixColumns,
author = {Paulo Ebermann},
title = {Why is MixColumns omitted from the last round of AES?},
year = {2011},
url = {http://crypto.stackexchange.com/questions/1346/why-is-mixcolumns-omitted-from-the-last-round-of-aes},
urldate = {2017-01-31}
}

@misc{XSL,
author = {Nicolas T. Courtois and Josef Pieprzyk},
title = {Cryptanalysis of Block Ciphers with Overdefined Systems of Equations},
year = {2002},
}

@online{XLSRebuked,
author = {T. Moh},
title = {On the Courtois-Pieprzyk's Attack on Rijndael},
year = {2002},
url = {https://web.archive.org/web/20100305200432/http://www.usdsi.com/aes.html},
urldate = {2017-01-31}
}

@online{EuclideanPolynomials,
author = {Mitch Keller},
title = {Finding the Greatest Common Divisor of Polynomials Over a Finite Field},
year = {2013},
url = {https://www.youtube.com/watch?v=q9lKz-cicWI},
urldate = {2017-01-31}
}

@online{EuclidWallis,
author = {Rob John},
title = {Using the Euclid-Wallis algorithm},
year = {2011},
url = {http://math.stackexchange.com/questions/67969/linear-diophantine-equation-100x-23y-19/68021#68021},
urldate = {2017-01-31}
}

@online{EuclidGeneralization,
author = {Ken Ward},
title = {Computing Both the gcd and Solving ax+by=d},
year = {acessed 2011},
url = {https://trans4mind.com/personal_development/mathematics/numberTheory/euclidsAlgorithmAndExtendedAlgorith.htm},
urldate = {2017-01-31}
}

@online{RoundKeyInverse,
author = {Paulo Ebermann},
title = {In which order are the round keys used during AES decryption?},
year = {2012},
url = {http://crypto.stackexchange.com/questions/2712/in-which-order-are-the-round-keys-used-during-aes-decryption},
urldate = {2017-01-31}
}

@online{BinHex,
author = {computerhope.com},
title = {Binary and hexadecimal conversions},
year = {2016},
url = {http://www.computerhope.com/binhex.htm},
urldate = {2017-01-31}
}

@online{Bezout,
author = {Eric W. Weisstein},
title = {Bezout's Identity},
year = {2016},
url = {http://mathworld.wolfram.com/BezoutsIdentity.html},
urldate = {2017-01-31}
}

@online{PayPal,
author = {Statista},
title = {PayPal's total payment volume from 1st quarter 2014 to 3rd quarter 2016 (in billion U.S. dollars)},
year = {2016},
url = {https://www.statista.com/statistics/277841/paypals-total-payment-volume/},\\
urldate = {2017-01-31}
}

@article{Snowden,
author = {Glenn Greenwald, Ewen MacAskill, Laurea Poitras},
title = {Edward Snowden: the whistleblower behind the NSA surveillance revelations},
journaltitle = {The Guardian},
year = {2013},
}

@online{RandomOrg,
author = {Randomness and Integrity Serivces Ltd},
title = {True Random Number service},
year = {2016},
url = {https://www.random.org/},
urldate = {2017-01-31}
}

@online{VernamMachine,
author = {Crypto Museum},
title = {The Vernam Cipher Digital bit-wise XOR },
year = {2016},
url = {http://www.cryptomuseum.com/crypto/vernam.htm},
urldate = {2017-01-31}
}

@online{DiffieHellman,
author = {Tyler L.},
title = {Diffie Hellman Key Exchange in plain English},
year = {2013},
url = {http://security.stackexchange.com/questions/45963/diffie-hellman-key-exchange-in-plain-english/45971},
urldate = {2017-01-31}
}

@online{AlanTuring,
author = {turing.org.uk},
title = {Critical Cryptanalysis: The Enigma War, 1939-1942},
year = {2016},
url = {http://www.turing.org.uk/scrapbook/ww2.html},
urldate = {2017-01-31}
}

@thesis{DataRecovery,
author = {Vasu Kanekal},
title = {Data Reconstruction from a Hard Disk Drive using Magnetic Force Microscopy},
type = {masterthesis},
institution = {University of California, San Diego},
year = {2013},
OPTurl = {http://escholarship.org/uc/item/26g4p84b#page-1},
}

@online{HDDDestruction,
author = {Secure Hard Drive Destruction},
title = {Secure Hard Drive Destruction can be relied upon for your complete hard drive destruction and recycling needs.},
year = {2016},
url = {http://www.shdd.com.au/},
urldate = {2017-01-31}
}

@book{stark1978introduction,
author = {Stark, H.M.},
title = {An Introduction to Number Theory},
year = {1978},
}
